% Encoding: UTF-8

@Book{companion,
  title       = {The LaTeX Companion},
  publisher   = {Addison-Wesley},
  author      = {Goossens, Michel and Mittelbach, Frank and Samarin, Alexander},
  edition     = {1},
  annotation  = {A book with three authors. Note the formatting of the author list. By default, only the first name is reversed in the bibliography},
  date        = {1994},
  hyphenation = {american},
  indextitle  = {LaTeX Companion, The},
  location    = {Reading, Mass.},
  pagetotal   = {528},
  shorttitle  = {LaTeX Companion},
  sorttitle   = {LaTeX Companion},
}

@Comment{jabref-meta: databaseType:bibtex;}
