% Encoding: UTF-8

@Online{hoeltlTeam,
  author  = {höltl~Retail~Solutions~GmbH},
  title   = {Das höltl Team - Unsere Mitarbeiter sind das höchste Gut},
  year    = {2016},
  url     = {https://www.hoeltl.com/unternehmen/team.html},
  urldate = {2016-10-03},
}

@Online{hoeltlStart,
  author  = {höltl~Retail~Solutions~GmbH},
  title   = {Startseite},
  year    = {2016},
  url     = {https://www.hoeltl.com/},
  urldate = {2016-10-03},
}

@Online{hoeltlMicrosoft,
  author  = {höltl~Retail~Solutions~GmbH},
  title   = {höltl Retail Solutions GmbH erhält die Microsoft Gold Certified Partner-Zertifizierung},
  year    = {o.~J.},
  url     = {https://www.hoeltl.com/partner/unsere-partner/microsoft.html},
  urldate = {2016-10-03},
}

@Unpublished{hoeltlHSMPresentation,
  author = {Daniel Weyer},
  title  = {Höltl 2020: HS4 - SolutionManager},
  year   = {2016},
}

@Book{webApiEvolvable,
  author    = {Block, G. and Cibraro, P. and Felix, P. and Dierking, H. and Miller, D.},
  title     = {Designing Evolvable Web APIs with ASP.NET},
  year      = {2014},
  publisher = {O'Reilly Media},
  isbn      = {9781449337902},
}

@Online{indirectionSpinellis,
  author  = {Diomidis Spinellis},
  title   = {Another Level of Indirection},
  year    = {2007},
  url     = {http://www.dmst.aueb.gr/dds/pubs/inbook/beautiful_code/html/Spi07g.html},
  urldate = {2016-11-01},
}

@Online{compositionRoot,
  author  = {Mark Seemann},
  title   = {Composition Root},
  year    = {2011},
  url     = {http://blog.ploeh.dk/2011/07/28/CompositionRoot/},
  urldate = {2016-11-03},
}

@Book{martin2009clean,
  author    = {Martin, R.C.},
  title     = {Clean Code: A Handbook of Agile Software Craftsmanship},
  year      = {2009},
  series    = {Robert C. Martin series},
  publisher = {Prentice Hall},
  isbn      = {9780132350884},
  lccn      = {20080240},
}

@Comment{jabref-meta: databaseType:biblatex;}
